@BOOK {shupi,
    author    = {Haris Šupić},
    title     = {Kompresija Podataka},
    publisher = {Univerzitet u Sarajevu},
    year      = {2016},
    address   = {Sarajevo, Bosnia and Herzegovina}
}
@BOOK {dat,
    author    = {Francis Rumsey},
    title     = {Desktop Audio Technology: Digital Audio and MIDI Principles},
    publisher = {Focal Press},
    year      = {2004},
    volume    = {IV},
    series    = {Music Technology Series},
    address   = {Oxford, United Kingdom}
}
@ONLINE {frequencies,
    title = {Table of Musical Notes and Their Frequencies and Wavelengths},
    month = {February},
    year  = {2019},
    url   = {https://www.liutaiomottola.com/formulae/freqtab.htm}
}
@ONLINE {midi,
    title = {A Crash Course on the Standard MIDI Specification},
    month = {February},
    year  = {2019},
    url   = {http://www.skytopia.com/project/articles/midi.html}
}
@BOOK {,
    author    = {},
    title     = {},
    publisher = {},
    year      = {},
    volume    = {},
    series    = {},
    address   = {}
}
@ONLINE {,
    title = {},
    month = {},
    year  = {},
    url   = {}
}